<?xml version="1.0" encoding="UTF-8"?><collection xmlns="http://www.loc.gov/MARC21/slim"><record><leader>00495nam--2200145-i-4500</leader><controlfield tag="001">000019605</controlfield><controlfield tag="002">20161230</controlfield><controlfield tag="005">20161230201033</controlfield><controlfield tag="008">060222s1000------------r-----000-0-eng-d</controlfield><datafield ind1=" " ind2=" " tag="080"><subfield code="a">512.54(061.3)</subfield></datafield><datafield ind1=" " ind2=" " tag="245"><subfield code="a">Conference on group theary.university of wisconsin-parkside 1972</subfield></datafield><datafield ind1=" " ind2=" " tag="260"><subfield code="a">Berlin, Springer-verlag, 1973. 188 P</subfield></datafield><datafield ind1=" " ind2=" " tag="490"><subfield code="a">Lecture Notes In Mathematics.A Collection Of Informal Reports And Seminars.Ed.By Heidelberg , Dold</subfield></datafield><datafield ind1=" " ind2=" " tag="700"><subfield code="a">Gatterdam, R.W., Weston, K.W</subfield></datafield><datafield ind1=" " ind2=" " tag="852"><subfield code="a">43201</subfield></datafield></record></collection>